<?xml version="1.0" encoding="UTF-8"?><collection xmlns="http://www.loc.gov/MARC21/slim"><record><leader>00688nam--2200181-i-4500</leader><controlfield tag="001">000048945</controlfield><controlfield tag="002">20161230</controlfield><controlfield tag="005">20161230201047</controlfield><controlfield tag="008">060222s1000------------r-----000-0-eng-d</controlfield><datafield ind1=" " ind2=" " tag="040"><subfield code="a">IFIN-HH</subfield></datafield><datafield ind1=" " ind2=" " tag="080"><subfield code="a">539.12</subfield></datafield><datafield ind1="1" ind2=" " tag="100"><subfield code="a">Mahanthappa, K.T</subfield></datafield><datafield ind1="1" ind2="0" tag="245"><subfield code="a">Proceedings of boulder conference on high energy physics</subfield><subfield code="b">(a special meeting of the division of particles and fields of the americaan physical society) boulder, colorado, august 18-22, 1969</subfield><subfield code="c">K.t. mahanthappa, w.d. walker, w.e. brittin (eds.)</subfield></datafield><datafield ind1=" " ind2=" " tag="260"><subfield code="a">Boulder, Colorado</subfield><subfield code="b">Colorado Associated University Press</subfield><subfield code="c">1970</subfield></datafield><datafield ind1=" " ind2=" " tag="300"><subfield code="a">623P</subfield></datafield><datafield ind1="1" ind2=" " tag="700"><subfield code="a">Brittin, W.E</subfield><subfield code="e">Ed</subfield></datafield><datafield ind1=" " ind2=" " tag="852"><subfield code="a">34780</subfield><subfield code="c">539.131</subfield></datafield><datafield ind1=" " ind2=" " tag="CAT"><subfield code="a">Sys</subfield><subfield code="c">20120301</subfield><subfield code="h">104953</subfield></datafield></record></collection>